
 @article{biology,
year={2007},
issn={},
journal={Journal of College Science Teaching},
volume={36},
number={4},
doi={},
title= {Small Group Peer Teaching in an Introductory Biology Classroom},
publisher={},
author={J. Tessier},
pages={64-69},
language={English}
}


 @article{double,
year={1998},
issn={1355-8005},
journal={Developing Higher Education Teaching Skills Through Peer Observation and Collaborative Reflection},
volume={35},
number={2},
doi={10.1080/1355800980350210},
title= {Innovations in Education and Training International},
publisher={},
author={G. A. Martin and J. M. Double},
pages={161-170},
language={English}
}


 @article{dundee,
year={1996},
issn={},
journal={Higher Education},
volume={32},
number={},
doi={},
title= {The effectiveness of peer tutoring in further and higher education: A typology and review of the literature},
publisher={Kluwer Academic Publishers},
author={K. J. Toppings},
pages={321-345},
language={English}
}


 @article{medical,
year={2007},
issn={0142-159X},
journal={Medical Teacher},
volume={29},
number={6},
doi={},
title= {Student teaching: views of student near-peer teachers and learners},
publisher={},
author={C. Bulte and A. Betts and K. Garner and S. Durning},
pages={583-590},
language={English}
}


 @article{stem,
year={2001},
issn={},
journal={Journal of Science Education and Technology},
volume={10},
number={2},
doi={},
title= {Student Peer Teaching: An Innovative Approach to Instruction in Science and Engineering Education},
publisher={},
author={S. Ramaswamy and I. Harris and U. Tschirner},
pages={165-171},
language={English}
}

 @article{lausanne,
year={1976},
issn={},
journal={Higher Education},
volume={9},
number={33},
doi={},
title= {Student Peer Teaching: An Innovative Approach to Instruction in Science and Engineering Education},
publisher={},
author={B. Goldschmid and M. L. Goldschmid},
pages={9-33},
language={English}
}

 @article{learntwice,
year={1988},
issn={0884-0040},
journal={Higher Education Report},
volume={},
number={4},
doi={},
title= {Peer Teaching: To Teach is to Learn Twice},
publisher={},
author={Whitman, N. A. and Fife, J. D.},
pages={},
}

 @article{longauthorlist,
year={2003},
issn={},
journal={Teaching and Teacher Education},
volume={19},
number={},
doi={},
title= {Teaching with a peer: a comparison of two models of student teaching},
publisher={},
author={"R. V. Bullough-Jr. and J. Younga and J. R. Birrella and D. C. Clarka and
M. W. Egana and L. Ericksona and M. Frankovichb and J. Brunetti and M. Welling"},
pages={57-73},
}

 @article{colvin,
year={2007},
issn={1361-1267},
journal={Mentoring and Tutoring: Partnership in Learning},
volume={15},
number={2},
doi={10.1080/13611260601086345},
title= {Peer Tutoring and Social Dynamics in Higher Education},
publisher={},
author={J. W. Colvin},
pages={165-181},
}

 @book{book,
year={1998},
issn={},
doi={},
title= {Peer-Assisted Learning},
publisher={Lawrence Erlbaum Associates},
author={K. J. Toppings and S. Ehly},
}

 @article{keith,
year={1998},
issn={},
journal={Review of Educational Research},
volume={68},
number={3},
doi={},
title= {Peer Assessment Between Students in Colleges and Universities},
publisher={},
author={K. J. Toppings},
pages={249-276},
}

 @article{ymck,
year={2010},
issn={},
journal={UMKC Law Review},
volume={78},
number={809},
doi={},
title= {Help Me Help You: Why Law Students Need Peer Teaching},
publisher={},
author={L. C. Herndon},
pages={},
}

 @article{theory,
year={1986},
issn={},
journal={Psychology in the Schools},
volume={23},
number={},
doi={},
title= {Theoretical Considations of Peer Tutoring},
publisher={},
author={J. Cohen},
pages={175-186},
}

 @article{,
year={2007},
issn={},
journal={Medical Education},
volume={41},
number={},
doi={10.1111/j.1365-2929.2007.02713.x},
title= {Peer-Assisted Learning: A Novel Approach to Clinical Skills Learning for Medical Studnts},
publisher={},
author={M. Field and J. M. Burke and D. McAllister and D. M. Lloyd},
pages={411-418},
}